%---------------------------------------------------------------------------%
%-                                                                         -%
%-                             Bibliography                                -%
%-                                                                         -%
%---------------------------------------------------------------------------%

@article{hennessy2019new,
  title={A new golden age for computer architecture},
  author={Hennessy, John L and Patterson, David A},
  journal={Communications of the ACM},
  volume={62},
  number={2},
  pages={48--60},
  year={2019},
  publisher={ACM New York, NY, USA}
}

@inproceedings{seznec2014tage,
  title={Tage-sc-l branch predictors},
  author={Seznec, Andr{\'e}},
  booktitle={JILP-Championship Branch Prediction},
  year={2014}
}

@article{asanovic2014instruction,
  title={Instruction sets should be free: The case for risc-v},
  author={Asanovi{\'c}, Krste and Patterson, David A},
  journal={EECS Department, University of California, Berkeley, Tech. Rep. UCB/EECS-2014-146},
  year={2014}
}

@inproceedings{bachrach2012chisel,
  title={Chisel: constructing hardware in a scala embedded language},
  author={Bachrach, Jonathan and Vo, Huy and Richards, Brian and Lee, Yunsup and Waterman, Andrew and Avi{\v{z}}ienis, Rimas and Wawrzynek, John and Asanovi{\'c}, Krste},
  booktitle={DAC Design Automation Conference 2012},
  pages={1212--1221},
  year={2012},
  organization={IEEE}
}

@article{seznec2006case,
  title={A case for (partially)-tagged geometric history length predictors},
  author={Seznec, Andr{\'e}},
  journal={Journal of InstructionLevel Parallelism},
  year={2006}
}

@inproceedings{jimenez2001dynamic,
  title={Dynamic branch prediction with perceptrons},
  author={Jim{\'e}nez, Daniel A and Lin, Calvin},
  booktitle={Proceedings HPCA Seventh International Symposium on High-Performance Computer Architecture},
  pages={197--206},
  year={2001},
  organization={IEEE}
}

@inproceedings{zhao2020sonicboom,
  title={Sonicboom: The 3rd generation berkeley out-of-order machine},
  author={Zhao, Jerry and Korpan, Ben and Gonzalez, Abraham and Asanovic, Krste},
  booktitle={Fourth Workshop on Computer Architecture Research with RISC-V},
  year={2020}
}

@techreport{asanovic2015berkeley,
  title={The berkeley out-of-order machine (boom): An industry-competitive, synthesizable, parameterized risc-v processor},
  author={Asanovic, Krste and Patterson, David A and Celio, Christopher},
  year={2015},
  institution={University of California at Berkeley Berkeley United States}
}

@article{henning2006spec,
  title={SPEC CPU2006 benchmark descriptions},
  author={Henning, John L},
  journal={ACM SIGARCH Computer Architecture News},
  volume={34},
  number={4},
  pages={1--17},
  year={2006},
  publisher={ACM New York, NY, USA}
}

@article{reinman1999scalable,
  title={A scalable front-end architecture for fast instruction delivery},
  author={Reinman, Glenn and Austin, Todd and Calder, Brad},
  journal={ACM SIGARCH Computer Architecture News},
  volume={27},
  number={2},
  pages={234--245},
  year={1999},
  publisher={ACM New York, NY, USA}
}

@inproceedings{seznec2011new,
  title={A new case for the tage branch predictor},
  author={Seznec, Andr{\'e}},
  booktitle={Proceedings of the 44th Annual IEEE/ACM International Symposium on Microarchitecture},
  pages={117--127},
  year={2011}
}

@inproceedings{jimenez2000impact,
  title={The impact of delay on the design of branch predictors},
  author={Jim{\'e}nez, Daniel A and Keckler, Stephen W and Lin, Calvin},
  booktitle={Proceedings of the 33rd annual ACM/IEEE international symposium on Microarchitecture},
  pages={67--76},
  year={2000}
}
%---------------------------------------------------------------------------%
